%CVE ID, Sehr kurze Berschreibung, Betroffene Systeme
@misc{CVE,
  howpublished = {(CVE) \url{https://cve.mitre.org/cgi-bin/cvename.cgi?name=CVE-2017-0144}},
  author       = {},
  title        = {CVE-2017-0144},
  month        = {09},
  year         = {2016},
  note         = {Letzter Zugriff: 16.12.2020}
}

%CVE ID, Security Rating von 8.1 
@misc{NVD,
  howpublished = {(NVD) \url{https://nvd.nist.gov/vuln/detail/CVE-2017-0144}},
  author       = {{Microsoft Corporation}},
  title        = {CVE-2017-0144 Details},
  month        = {06},
  year         = {2016},
  note         = {Letzter Zugriff: 13.11.2020}
}

%Betroffene Systeme, genauer
@misc{SecFoc,
  howpublished = {(SecurityFocus) \url{https://www.securityfocus.com/bid/96704}},
  author       = {},
  title        = {Microsoft Windows SMB Server CVE-2017-0144 Remote Code Execution Vulnerability},
  month        = {03},
  year         = {2017},
  note         = {Letzter Zugriff: 16.12.2020}
}

%Bericht über Vorfall, Mehrjäriges NSA-Bedenken, NSA Versagen, Leak, WannaCry Beginn, Eternalblue Umgebaut für Malware
@misc{WP,
  howpublished = {(Washington Post) \url{https://www.washingtonpost.com/business/technology/nsa-officials-worried-about-the-day-its-potent-hacking-tool-would-get-loose-then-it-did/2017/05/16/50670b16-3978-11e7-a058-ddbb23c75d82_story.html}},
  author       = {Ellen Nakashima and Craig Timberg},
  title        = {NSA officials worried about the day its potent hacking tool would get loose. Then it did.},
  month        = {05},
  year         = {2017},
  note         = {Letzter Zugriff: 16.12.2020}
}

%Generelle Informationen, grobe funktionelle Angaben, Probleme bis heute, Schäden, WannaCry, NotPetya
@misc{Avast,
  howpublished = {(Avast) \url{https://www.avast.com/c-eternalblue}},
  author       = {Carly Burdova},
  title        = {What Is EternalBlue and Why Is the MS17-010 Exploit Still Relevant?},
  month        = {06},
  year         = {2020},
  note         = {Letzter Zugriff: 16.12.2020}
}

%Patches WinDefender + Windows, CyberSec gem. Verantw., Horten weaponized Exploits, NSA Digitale Genfer Konvention
@misc{MS:EB,
  howpublished = {(Microsoft Blog) \url{https://blogs.microsoft.com/on-the-issues/2017/05/14/need-urgent-collective-action-keep-people-safe-online-lessons-last-weeks-cyberattack/}},
  author       = {Brad Smith},
  title        = {The need for urgent collective action to keep people safe online: Lessons from last week’s cyberattack},
  month        = {05},
  year         = {2017},
  note         = {Letzter Zugriff: 16.12.2020}
}

%Anleitung Durchführung, Erklärung tiefer gehend mit SMB Funktionen, Linux/Windows Setup, Betroffene Versionen
@misc{Medium,
  howpublished = {(Medium) \url{https://michaelkoczwara.medium.com/eternal-blue-doublepulsar-exploit-36b66f3edb44}},
  author       = {Michael Koczwara},
  title        = {Eternal Blue DoublePulsar Exploit},
  month        = {07},
  year         = {2019},
  note         = {Letzter Zugriff: 16.12.2020}
}

%Schematische Erklärung Heap Spraying
@misc{ARC,
  howpublished = {(Andy R. Cronins Website) \url{https://andyrussellcronin.wordpress.com/2012/04/13/understanding-heap-spraying/}},
  author       = {Andy Russell Cronin},
  title        = {Understanding Heap Spraying},
  month        = {07},
  year         = {2019},
  note         = {Letzter Zugriff: 16.12.2020}
}

%Sicherheitspatch Powershell Script, Prüft Windows Version, Build Nummer, gleicht ergebisse ab, kurzform verwundbarer Systeme
@misc{SAV,
  howpublished = {(Sophos Antivirus) \url{https://support.sophos.com/support/s/article/KB-000038107?language=en_US}},
  author       = {},
  title        = {How to verify if a Machine is vulnerable to EternalBlue - MS17-010},
  month        = {10},
  year         = {2020},
  note         = {Letzter Zugriff: 16.12.2020}
}

%SMB Alternativename CIFS, früher mit NetBIOS, NSA-Unterabteilung TAO, Software zugehoerig NOBUS, CVE-Famile, über Port 445 Ansprechbar, DoublePulsar Backdoor Payload
@misc{CS,
  howpublished = {(Cryptron Security) \url{https://www.cryptron.ch/eternalblue-der-nsa-exploit-zwei-jahre-danach/}},
  author       = {{Nutzer admin}},
  title        = {EternalBlue - der NSA Exploit zwei Jahre danach},
  month        = {10},
  year         = {2020},
  note         = {Letzter Zugriff: 16.12.2020}
}

%Vebesserter Exploit CODE ~0% Crash Probability Python Script
@misc{ExpDB,
  howpublished = {(ExploitDB) \url{https://www.exploit-db.com/exploits/42315}},
  author       = {{Nutzer SLEEPYA}},
  title        = {How to Verify if a Machine is Vulnerable to EternalBlue - MS17-010},
  month        = {07},
  year         = {2017},
  note         = {Letzter Zugriff: 16.12.2020}
}

%Vebesserter Exploit CODE ~0% Crash Probability Python Script
@misc{GitHub:EB,
  howpublished = {(ExploitDB) \url{https://www.exploit-db.com/exploits/42315}},
  author       = {{Nutzer SLEEPYA}},
  title        = {How to Verify if a Machine is Vulnerable to EternalBlue - MS17-010},
  month        = {07},
  year         = {2017},
  note         = {Letzter Zugriff: 16.12.2020}
}

%Detaillierte BEschreibung von allem tiefergehenden, inklusive SMB Code und Funktionen
@misc{CP,
  howpublished = {(Checkpoint) \url{https://research.checkpoint.com/2017/eternalblue-everything-know/}},
  author       = {Nadav Grossman},
  title        = {EternalBlue - Everything There Is To Know},
  month        = {09},
  year         = {2017},
  note         = {Letzter Zugriff: 16.12.2020}
}

%Beschreibung Sicherheitsupdate, das MS-0170 behebt, Beschreibung
@misc{MSSB,
  howpublished = {(Microsoft) \url{https://docs.microsoft.com/de-de/security-updates/SecurityBulletins/2017/ms17-010?redirectedfrom=MSDN}},
  author       = {{Microsoft Corporation}},
  title        = {Microsoft-Sicherheitsbulletin MS17-010 - Kritisch},
  month        = {03},
  year         = {2017},
  note         = {Letzter Zugriff: 16.12.2020}
}

%Keine Infrastruktur für entschlüsseln
@misc{Sil,
  howpublished = {(Silicon) \url{https://www.silicon.de/41664707/petyanotpetya-und-wannacry-die-groessten-ransomware-angriffe-des-jahres-waren-gar-keine}},
  author       = {Peter Marwan},
  title        = {Petya/NotPetya und WannaCry Die groeßten Ransomware-Angriffe des Jahres waren gar keine},
  month        = {12},
  year         = {2017},
  note         = {Letzter Zugriff: 17.12.2020}
}

%SMB Entstehung und Funktionen von SMB
@misc{CompWeek:SMB,
  howpublished = {(Computer Weekly) \url{https://www.computerweekly.com/de/definition/Server-Message-Block-SMB-Protokoll}},
  author       = {Margaret Rouse},
  title        = {Server Message Block (SMB) - Protokoll},
  month        = {04},
  year         = {2015},
  note         = {Letzter Zugriff: 17.12.2020}
}

%SMB , CIFS, Versionen, Abwärtskompatibilität
@misc{IONOS,
  howpublished = {(1\&1 IONOS) \url{https://www.ionos.de/digitalguide/server/knowhow/server-message-block-smb/}},
  author       = {IONOS},
  title        = {SMB (Server Message Block) Definition Aufgaben und Einsatzgebiete},
  month        = {03},
  year         = {2020},
  note         = {Letzter Zugriff: 17.12.2020}
}

%SMB NetBIOS, Frühe Phase
@misc{MS:NetBIOS,
  howpublished = {(Microsoft) \url{https://docs.microsoft.com/de-de/troubleshoot/windows-server/networking/direct-hosting-of-smb-over-tcpip}},
  author       = {{Microsoft Corporation}},
  title        = {Direct Host SMB über TCP/IP},
  month        = {09},
  year         = {2020},
  note         = {Letzter Zugriff: 17.12.2020}
}

%Memory pools
@misc{MS:MemPools,
  howpublished = {(Microsoft) \url{https://docs.microsoft.com/en-us/windows/win32/memory/memory-pools#:~:text=Both%20memory%20pools%20are%20located,corresponding%20kernel%20objects%20are%20allocated.}},
  author       = {{Microsoft Corporation}},
  title        = {Memory Pools},
  month        = {05},
  year         = {2018},
  note         = {Letzter Zugriff: 18.12.2020}
}

%Paging
@misc{CompWeek:Paging,
  howpublished = {(Computer Weekly) \url{https://www.computerweekly.com/de/definition/Memory-Paging-Speicherauslagerung#:~:text=Memory%20Paging%20ist%20eine%20Speicher,Maschine%20(VM)%20Speicherressourcen%20verteilt.}},
  author       = {Margaret Rouse},
  title        = {Memory Paging (Speicherauslagerung)},
  month        = {11},
  year         = {2013},
  note         = {Letzter Zugriff: 18.12.2020}
}

%Fix: Ab 1709, Fall Creators Update 2017: Nicht-Install von SMB1 unter Win10 und Win Server Produkten
@misc{MS:Fix,
  howpublished = {(Microsoft) \url{https://docs.microsoft.com/de-de/windows-server/storage/file-server/troubleshoot/smbv1-not-installed-by-default-in-windows}},
  author       = {{Microsoft Corporation}},
  title        = {SMBv1 wird nicht standardmäßig unter Windows 10, Version 1709, Windows Server Version 1709 und höheren Versionen installiert.},
  month        = {07},
  year         = {2020},
  note         = {Letzter Zugriff: 21.12.2020}
}

%Fix: Ab 1709, Fall Creators Update 2017: Nicht-Install von SMB1 unter Win10 und Win Server Produkten
@misc{IETF:CIFS_Spec,
  howpublished = {(IETF) \url{https://tools.ietf.org/html/draft-heizer-cifs-v1-spec-00}},
  author       = {IETF},
  title        = {Common Internet File System Protocol (CIFS/1.0)},
  month        = {06},
  year         = {1996},
  note         = {Letzter Zugriff: 21.12.2020}
}

%File Extended Attributes Kurzübersicht, nur generelle Beschreibung, wofür, deshalb Wiki genügend
@misc{Wiki:FEA,
  howpublished = {(Wikipedia) \url{https://en.wikipedia.org/wiki/Extended_file_attributes#Windows_NT}},
  author       = {{Wikipedia Contributors}},
  title        = {Extended File Attributes},
  month        = {12},
  year         = {2020},
  note         = {Letzter Zugriff: 23.12.2020}
}

%OS2 Subsystem in Windows NT
@misc{MS:OS2Subsys,
  howpublished = {(Microsoft) \url{https://docs.microsoft.com/en-us/previous-versions//cc767964(v=technet.10)}},
  author       = {{Microsoft Corporation}},
  title        = {Chapter 28 - OS/2 Compatibility},
  month        = {02},
  year         = {2014},
  note         = {Letzter Zugriff: 23.12.2020}
}

%SMB FEA Struktur und Aufbau
@misc{MS:SMBRequest,
  howpublished = {(Microsoft) \url{https://docs.microsoft.com/en-us/previous-versions//cc767964(v=technet.10)}},
  author       = {{Microsoft Corporation}},
  title        = {Chapter 28 - OS/2 Compatibility},
  month        = {02},
  year         = {2014},
  note         = {Letzter Zugriff: 23.12.2020}
}

%SMB FEA Struktur und Aufbau
@misc{TM:EB,
  howpublished = {(TrendMicro) \url{https://www.trendmicro.com/en_us/research/17/f/ms17-010-eternalblue.html}},
  author       = {William Gamazo Sanchez},
  title        = {MS17-010: EternalBlue Buffer Overflow in SRV Driver},
  month        = {06},
  year         = {2017},
  note         = {Letzter Zugriff: 23.12.2020}
}